<marcxml:record xmlns:marcxml="http://www.loc.gov/MARC21/slim" xmlns:idx="info:lc/xq-modules/lcindex" xmlns:madsrdf="http://www.loc.gov/mads/rdf/v1#" xmlns:ri="http://id.loc.gov/ontologies/RecordInfo#" xmlns:xlink="http://www.w3.org/1999/xlink" xmlns:rdf="http://www.w3.org/1999/02/22-rdf-syntax-ns#" xmlns:mets="http://www.loc.gov/METS/" xmlns:semtriples="http://marklogic.com/semantic" xmlns:xsi="http://www.w3.org/2001/XMLSchema-instance" xmlns:streams="info:lc/streams#">
            <marcxml:leader>00575nz  a2200193n  4500</marcxml:leader>
            <marcxml:controlfield tag="001">sh86005288</marcxml:controlfield>
            <marcxml:controlfield tag="003">DLC</marcxml:controlfield>
            <marcxml:controlfield tag="005">19860917124216.2</marcxml:controlfield>
            <marcxml:controlfield tag="008">860905i| anannbab|          |a ana |||  </marcxml:controlfield>
            <marcxml:datafield tag="010" ind1=" " ind2=" ">
              <marcxml:subfield code="a">sh 86005288 </marcxml:subfield>
            </marcxml:datafield>
            <marcxml:datafield tag="040" ind1=" " ind2=" ">
              <marcxml:subfield code="a">DLC</marcxml:subfield>
              <marcxml:subfield code="c">DLC</marcxml:subfield>
            </marcxml:datafield>
            <marcxml:datafield tag="150" ind1=" " ind2="0">
              <marcxml:subfield code="a">Tornesello (Coin)</marcxml:subfield>
            </marcxml:datafield>
            <marcxml:datafield tag="450" ind1=" " ind2="0">
              <marcxml:subfield code="a">Tornese (Coin)</marcxml:subfield>
            </marcxml:datafield>
            <marcxml:datafield tag="450" ind1=" " ind2="0">
              <marcxml:subfield code="a">Turonensis (Coin)</marcxml:subfield>
            </marcxml:datafield>
            <marcxml:datafield tag="550" ind1=" " ind2="0">
              <marcxml:subfield code="w">g</marcxml:subfield>
              <marcxml:subfield code="a">Coins, Italian</marcxml:subfield>
            </marcxml:datafield>
            <marcxml:datafield tag="670" ind1=" " ind2=" ">
              <marcxml:subfield code="a">Work cat.: Stahl, A.M. The Venetian torneselle, 1985.</marcxml:subfield>
            </marcxml:datafield>
            <marcxml:datafield tag="670" ind1=" " ind2=" ">
              <marcxml:subfield code="a">Frey, A. Dictionary of numismatic names, 1947.</marcxml:subfield>
            </marcxml:datafield>
            <marcxml:datafield tag="670" ind1=" " ind2=" ">
              <marcxml:subfield code="a">Web. 3</marcxml:subfield>
              <marcxml:subfield code="b">(Tornese)</marcxml:subfield>
            </marcxml:datafield>
            <marcxml:datafield tag="675" ind1=" " ind2=" ">
              <marcxml:subfield code="a">Doty, R.G. Encyclopedic dictionary of numismatics, 1982</marcxml:subfield>
            </marcxml:datafield>
          </marcxml:record>
